@inproceedings{glorot2011domain,
  title={Domain adaptation for large-scale sentiment classification: A deep learning approach},
  author={Glorot, Xavier and Bordes, Antoine and Bengio, Yoshua},
  booktitle={Proceedings of the 28th International Conference on Machine Learning (ICML-11)},
  pages={513--520},
  year={2011}
}

@article{chattopadhyay2012multisource,
  title={Multisource domain adaptation and its application to early detection of fatigue},
  author={Chattopadhyay, Rita and Sun, Qian and Fan, Wei and Davidson, Ian and Panchanathan, Sethuraman and Ye, Jieping},
  journal={ACM Transactions on Knowledge Discovery from Data (TKDD)},
  volume={6},
  number={4},
  pages={18},
  year={2012},
  publisher={ACM}
}

@article{fogel1989gabor,
  title={Gabor filters as texture discriminator},
  author={Fogel, Itzhak and Sagi, Dov},
  journal={Biological cybernetics},
  volume={61},
  number={2},
  pages={103--113},
  year={1989},
  publisher={Springer}
}

@article{jain1991unsupervised,
  title={Unsupervised texture segmentation using Gabor filters},
  author={Jain, Anil K and Farrokhnia, Farshid},
  journal={Pattern recognition},
  volume={24},
  number={12},
  pages={1167--1186},
  year={1991},
  publisher={Elsevier}
}

@inproceedings{Nam:2015:HDP:2786805.2786814,
 author = {Nam, Jaechang and Kim, Sunghun},
 title = {Heterogeneous Defect Prediction},
 booktitle = {Proceedings of the 2015 10th Joint Meeting on Foundations of Software Engineering},
 series = {ESEC/FSE 2015},
 year = {2015},
 isbn = {978-1-4503-3675-8},
 location = {Bergamo, Italy},
 pages = {508--519},
 numpages = {12},
 url = {http://doi.acm.org/10.1145/2786805.2786814},
 doi = {10.1145/2786805.2786814},
 acmid = {2786814},
 publisher = {ACM},
 address = {New York, NY, USA},
 keywords = {Defect prediction, heterogeneous metrics, quality assurance},
}

@inproceedings{shi2010transfer,
  title={Transfer learning on heterogenous feature spaces via spectral transformation},
  author={Shi, Xiaoxiao and Liu, Qi and Fan, Wei and Philip, S Yu and Zhu, Ruixin},
  booktitle={2010 IEEE international conference on data mining},
  pages={1049--1054},
  year={2010},
  organization={IEEE}
}

@inproceedings{taylor2007cross,
  title={Cross-domain transfer for reinforcement learning},
  author={Taylor, Matthew E and Stone, Peter},
  booktitle={Proceedings of the 24th international conference on Machine learning},
  pages={879--886},
  year={2007},
  organization={ACM}
}

@inproceedings{konidaris2009skill,
  title={Skill discovery in continuous reinforcement learning domains using skill chaining},
  author={Konidaris, George and Barto, Andrew G},
  booktitle={Advances in neural information processing systems},
  pages={1015--1023},
  year={2009}
}

@incollection{NIPS2008_3411,
title = {Skill Characterization Based on Betweenness},
author = {\c{S}im\c{s}ek, \"{O}zg\"{u}r and Andrew G. Barto},
booktitle = {Advances in Neural Information Processing Systems 21},
editor = {D. Koller and D. Schuurmans and Y. Bengio and L. Bottou},
pages = {1497--1504},
year = {2009},
publisher = {Curran Associates, Inc.},
url = {http://papers.nips.cc/paper/3411-skill-characterization-based-on-betweenness.pdf}
}

@article{berthier2006development,
  title={Development of reaching in infancy},
  author={Berthier, Neil E and Keen, Rachel},
  journal={Experimental brain research},
  volume={169},
  number={4},
  pages={507},
  year={2006},
  publisher={Springer}
}

@inproceedings{korf1997finding,
  title={Finding optimal solutions to Rubik's cube using pattern databases},
  author={Korf, Richard E},
  year={1997}
}



@article{lecun2015deep,
  title={Deep learning},
  author={LeCun, Yann and Bengio, Yoshua and Hinton, Geoffrey},
  journal={Nature},
  volume={521},
  number={7553},
  pages={436--444},
  year={2015},
  publisher={Nature Publishing Group}
}

@book{sutton1998introduction,
  title={Introduction to reinforcement learning},
  author={Sutton, Richard S},
  volume={135},
  year={1998},
  publisher={The MIT Press}
}

@Unpublished{MatthieuPaper,
    title={Bootstrapping Discrete Reinforcement Learning from Discrete Policy Search Results},
    author={Zimmer, Matthieu and Doncieux, Stephane},
    year={2016},
    note={Not published yet}
    }

@article{sutton1999between,
  title={Between MDPs and semi-MDPs: A framework for temporal abstraction in reinforcement learning},
  author={Sutton, Richard S and Precup, Doina and Singh, Satinder},
  journal={Artificial intelligence},
  volume={112},
  number={1},
  pages={181--211},
  year={1999},
  publisher={Elsevier}
}

@inproceedings{konidaris2007building,
  title={Building Portable Options: Skill Transfer in Reinforcement Learning.},
  author={Konidaris, George and Barto, Andrew G},
  year={2007}
}

@article{mouret2012encouraging,
  title={Encouraging behavioral diversity in evolutionary robotics: An empirical study},
  author={Mouret, J-B and Doncieux, St{\'e}phane},
  journal={Evolutionary computation},
  volume={20},
  number={1},
  pages={91--133},
  year={2012},
  publisher={MIT Press}
}

@ARTICLE{Bel,
    author = "Richard Bellman",
     title = "A Markovian Decision Process",
   journal = "Indiana Univ. Math. J.",
  fjournal = "Indiana University Mathematics Journal",
    volume = 6,
      year = 1957,
     issue = 4,
     pages = "679--684",
      issn = "0022-2518",
     coden = "IUMJAB",
   mrclass = "",
}

@article{jonschkowski2015learning,
  title={Learning state representations with robotic priors},
  author={Jonschkowski, Rico and Brock, Oliver},
  journal={Autonomous Robots},
  volume={39},
  number={3},
  pages={407--428},
  year={2015},
  publisher={Springer}
}


@inproceedings{konidaris2009efficient,
  title={Efficient Skill Learning using Abstraction Selection.},
  author={Konidaris, George and Barto, Andrew G},
  journal={IJCAI},
  volume={9},
  year={2009}
}

@Inbook{Salgado2016,
author="Salgado, Rodrigo
and Prieto, Abraham
and Caama{\~{n}}o, Pilar
and Bellas, Francisco
and Duro, Richard J.",
editor="Mart{\'i}nez-{\'A}lvarez, Francisco
and Troncoso, Alicia
and Quinti{\'a}n, H{\'e}ctor
and Corchado, Emilio",
title="Motivational Engine with Sub-goal Identification in Neuroevolution Based Cognitive Robotics",
bookTitle="Hybrid Artificial Intelligent Systems: 11th International Conference, HAIS 2016, Seville, Spain, April 18-20, 2016, Proceedings",
year="2016",
publisher="Springer International Publishing",
address="Cham",
pages="659--670",
isbn="978-3-319-32034-2",
doi="10.1007/978-3-319-32034-2_55",
url="http://dx.doi.org/10.1007/978-3-319-32034-2_55"
}

@inproceedings{menache2002q,
  title={Q-cut—dynamic discovery of sub-goals in reinforcement learning},
  author={Menache, Ishai and Mannor, Shie and Shimkin, Nahum},
  booktitle={European Conference on Machine Learning},
  pages={295--306},
  year={2002},
  organization={Springer}
}

@article{botvinick2009hierarchically,
  title={Hierarchically organized behavior and its neural foundations: A reinforcement learning perspective},
  author={Botvinick, Matthew M and Niv, Yael and Barto, Andrew C},
  journal={Cognition},
  volume={113},
  number={3},
  pages={262--280},
  year={2009},
  publisher={Elsevier}
}

@inproceedings{lange2012autonomous,
  title={Autonomous reinforcement learning on raw visual input data in a real world application},
  author={Lange, Sascha and Riedmiller, Martin and Voigtl{\"a}nder, Arne},
  booktitle={The 2012 International Joint Conference on Neural Networks (IJCNN)},
  pages={1--8},
  year={2012},
  organization={IEEE}
}

@article{wiskott2002slow,
  title={Slow feature analysis: Unsupervised learning of invariances},
  author={Wiskott, Laurenz and Sejnowski, Terrence J},
  journal={Neural computation},
  volume={14},
  number={4},
  pages={715--770},
  year={2002},
  publisher={MIT Press}
}

@inproceedings{sprague2009predictive,
  title={Predictive Projections.},
  author={Sprague, Nathan}
}

@article{floreano2008bio,
  title={Bio-inspired artificial intelligence},
  author={Floreano, Dario and Mattiussi, Claudio},
  year={2008},
  publisher={MIT Press}
}

@book{nolfi2000evolutionary,
  title={Evolutionary robotics: The biology, intelligence, and technology of self-organizing machines},
  author={Nolfi, Stefano and Floreano, Dario},
  year={2000}
}

@article{mcgovern2001automatic,
  title={Automatic discovery of subgoals in reinforcement learning using diverse density},
  author={McGovern, Amy and Barto, Andrew G},
  year={2001}
}

@INPROCEEDINGS{1631339,
author={Ben-Nian Wang and Yang Gao and Zhao-Qian Chen and Jun-Yuan Xie and Shi-Fu Chen},
booktitle={International Conference on Computational Intelligence for Modelling, Control and Automation and International Conference on Intelligent Agents, Web Technologies and Internet Commerce (CIMCA-IAWTIC'06)},
title={K-Cluster Algorithm for Automatic Discovery of Subgoals in Reinforcement Learning},
year={2005},
volume={1},
pages={658-662},
keywords={learning (artificial intelligence);multi-agent systems;pattern clustering;K-cluster algorithm;agent learning;automatic subgoal discovery;diverse density algorithm;flat Q-learning;reinforcement learning;Accelerated aging;Clustering algorithms;Computational intelligence;Computational modeling;Computer science;Educational institutions;Laboratories;Learning;Software algorithms;State-space methods},
doi={10.1109/CIMCA.2005.1631339},
month={Nov},}

@inproceedings{neumann2009learning,
  title={Learning complex motions by sequencing simpler motion templates},
  author={Neumann, Gerhard and Maass, Wolfgang and Peters, Jan},
  booktitle={Proceedings of the 26th Annual International Conference on Machine Learning},
  pages={753--760},
  year={2009},
  organization={ACM}
}

@inproceedings{zang2009discovering,
  title={Discovering options from example trajectories},
  author={Zang, Peng and Zhou, Peng and Minnen, David and Isbell, Charles},
  booktitle={Proceedings of the 26th Annual International Conference on Machine Learning},
  pages={1217--1224},
  year={2009},
  organization={ACM}
}

@inproceedings{konidaris2010constructing,
  title={Constructing skill trees for reinforcement learning agents from demonstration trajectories},
  author={Konidaris, George and Kuindersma, Scott and Grupen, Roderic and Barto, Andrew G},
  booktitle={Advances in neural information processing systems},
  pages={1162--1170},
  year={2010}
}

@article{fearnhead2007line,
  title={On-line inference for multiple changepoint problems},
  author={Fearnhead, Paul and Liu, Zhen},
  journal={Journal of the Royal Statistical Society: Series B (Statistical Methodology)},
  volume={69},
  number={4},
  pages={589--605},
  year={2007},
  publisher={Wiley Online Library}
}

@article{graves2016hybrid,
  title={Hybrid computing using a neural network with dynamic external memory},
  author={Graves, Alex and Wayne, Greg and Reynolds, Malcolm and Harley, Tim and Danihelka, Ivo and Grabska-Barwi{\'n}ska, Agnieszka and Colmenarejo, Sergio G{\'o}mez and Grefenstette, Edward and Ramalho, Tiago and Agapiou, John and others},
  journal={Nature},
  volume={538},
  number={7626},
  pages={471--476},
  year={2016},
  publisher={Nature Research}
}

@inproceedings{greve2016evolving,
  title={Evolving neural turing machines for reward-based learning},
  author={Greve, Rasmus Boll and Jacobsen, Emil Juul and Risi, Sebastian},
  booktitle={Proceedings of the 2016 on Genetic and Evolutionary Computation Conference},
  pages={117--124},
  year={2016},
  organization={ACM}
}

@ARTICLE{2017arXiv171004748M,
   author = {{Merrild}, J. and {Angaju Rasmussen}, M. and {Risi}, S.},
    title = "{HyperENTM: Evolving Scalable Neural Turing Machines through HyperNEAT}",
  journal = {ArXiv e-prints},
archivePrefix = "arXiv",
   eprint = {1710.04748},
 primaryClass = "cs.AI",
 keywords = {Computer Science - Artificial Intelligence, Computer Science - Neural and Evolutionary Computing},
     year = 2017,
    month = oct,
   adsurl = {http://adsabs.harvard.edu/abs/2017arXiv171004748M},
  adsnote = {Provided by the SAO/NASA Astrophysics Data System}
}

@article{graves2014neural,
  title={Neural turing machines},
  author={Graves, Alex and Wayne, Greg and Danihelka, Ivo},
  journal={arXiv preprint arXiv:1410.5401},
  year={2014}
}

@book{eiben2003introduction,
  title={Introduction to evolutionary computing},
  author={Eiben, Agoston E and Smith, James E and others},
  volume={53},
  year={2003},
  publisher={Springer}
}

@article{karpathy2015visualizing,
  title={Visualizing and understanding recurrent networks},
  author={Karpathy, Andrej and Johnson, Justin and Fei-Fei, Li},
  journal={arXiv preprint arXiv:1506.02078},
  year={2015}
}

@article{strobelt2016visual,
  title={Visual analysis of hidden state dynamics in recurrent neural networks},
  author={Strobelt, Hendrik and Gehrmann, Sebastian and Huber, Bernd and Pfister, Hanspeter and Rush, Alexander M},
  journal={arXiv preprint arXiv:1606.07461},
  year={2016}
}

@article{DBLP:journals/corr/VinyalsTBE14,
  author    = {Oriol Vinyals and
               Alexander Toshev and
               Samy Bengio and
               Dumitru Erhan},
  title     = {Show and Tell: {A} Neural Image Caption Generator},
  journal   = {CoRR},
  volume    = {abs/1411.4555},
  year      = {2014},
  url       = {http://arxiv.org/abs/1411.4555},
  timestamp = {Wed, 07 Jun 2017 14:41:10 +0200},
  biburl    = {http://dblp.uni-trier.de/rec/bib/journals/corr/VinyalsTBE14},
  bibsource = {dblp computer science bibliography, http://dblp.org}
}

@inproceedings{karpathy2015deep,
  title={Deep visual-semantic alignments for generating image descriptions},
  author={Karpathy, Andrej and Fei-Fei, Li},
  booktitle={Proceedings of the IEEE Conference on Computer Vision and Pattern Recognition},
  pages={3128--3137},
  year={2015}
}

@article{nayebi2015gruv,
  title={Gruv: Algorithmic music generation using recurrent neural networks},
  author={Nayebi, Aran and Vitelli, Matt}
}

@article{graves2013generating,
  title={Generating sequences with recurrent neural networks},
  author={Graves, Alex},
  journal={arXiv preprint arXiv:1308.0850},
  year={2013}
}

@inproceedings{johnson2017generating,
  title={Generating Polyphonic Music Using Tied Parallel Networks},
  author={Johnson, Daniel D},
  booktitle={International Conference on Evolutionary and Biologically Inspired Music and Art},
  pages={128--143},
  year={2017},
  organization={Springer}
}

@inproceedings{sutskever2011generating,
  title={Generating text with recurrent neural networks},
  author={Sutskever, Ilya and Martens, James and Hinton, Geoffrey E},
  booktitle={Proceedings of the 28th International Conference on Machine Learning (ICML-11)},
  pages={1017--1024},
  year={2011}
}

@ARTICLE{2014arXiv1405.0312L,
   author = {{Lin}, T.-Y. and {Maire}, M. and {Belongie}, S. and {Bourdev}, L. and
	{Girshick}, R. and {Hays}, J. and {Perona}, P. and {Ramanan}, D. and
	{Zitnick}, C.~L. and {Doll{\'a}r}, P.},
    title = "{Microsoft COCO: Common Objects in Context}",
  journal = {ArXiv e-prints},
archivePrefix = "arXiv",
   eprint = {1405.0312},
 primaryClass = "cs.CV",
 keywords = {Computer Science - Computer Vision and Pattern Recognition},
     year = 2014,
    month = may,
   adsurl = {http://adsabs.harvard.edu/abs/2014arXiv1405.0312L},
  adsnote = {Provided by the SAO/NASA Astrophysics Data System}
}

@inproceedings{imagenet_cvpr09,
        AUTHOR = {Deng, J. and Dong, W. and Socher, R. and Li, L.-J. and Li, K. and Fei-Fei, L.},
        TITLE = {{ImageNet: A Large-Scale Hierarchical Image Database}},
        BOOKTITLE = {CVPR09},
        YEAR = {2009},
        BIBSOURCE = "http://www.image-net.org/papers/imagenet_cvpr09.bib"}

@inproceedings{raina2009large,
  title={Large-scale deep unsupervised learning using graphics processors},
  author={Raina, Rajat and Madhavan, Anand and Ng, Andrew Y},
  booktitle={Proceedings of the 26th annual international conference on machine learning},
  pages={873--880},
  year={2009},
  organization={ACM}
}

@inproceedings{krizhevsky2012imagenet,
  title={Imagenet classification with deep convolutional neural networks},
  author={Krizhevsky, Alex and Sutskever, Ilya and Hinton, Geoffrey E},
  booktitle={Advances in neural information processing systems},
  pages={1097--1105},
  year={2012}
}

@article{simonyan2014very,
  title={Very deep convolutional networks for large-scale image recognition},
  author={Simonyan, Karen and Zisserman, Andrew},
  journal={arXiv preprint arXiv:1409.1556},
  year={2014}
}

@inproceedings{szegedy2015going,
  title={Going deeper with convolutions},
  author={Szegedy, Christian and Liu, Wei and Jia, Yangqing and Sermanet, Pierre and Reed, Scott and Anguelov, Dragomir and Erhan, Dumitru and Vanhoucke, Vincent and Rabinovich, Andrew},
  booktitle={Proceedings of the IEEE conference on computer vision and pattern recognition},
  pages={1--9},
  year={2015}
}


@Article{s16010115,
AUTHOR = {Ordóñez, Francisco Javier and Roggen, Daniel},
TITLE = {Deep Convolutional and LSTM Recurrent Neural Networks for Multimodal Wearable Activity Recognition},
JOURNAL = {Sensors},
VOLUME = {16},
YEAR = {2016},
NUMBER = {1},
ARTICLE_NUMBER = {115},
URL = {http://www.mdpi.com/1424-8220/16/1/115},
PubMedID = {26797612},
ISSN = {1424-8220},
ABSTRACT = {Human activity recognition (HAR) tasks have traditionally been solved using engineered features obtained by heuristic processes. Current research suggests that deep convolutional neural networks are suited to automate feature extraction from raw sensor inputs. However, human activities are made of complex sequences of motor movements, and capturing this temporal dynamics is fundamental for successful HAR. Based on the recent success of recurrent neural networks for time series domains, we propose a generic deep framework for activity recognition based on convolutional and LSTM recurrent units, which: (i) is suitable for multimodal wearable sensors; (ii) can perform sensor fusion naturally; (iii) does not require expert knowledge in designing features; and (iv) explicitly models the temporal dynamics of feature activations. We evaluate our framework on two datasets, one of which has been used in a public activity recognition challenge. Our results show that our framework outperforms competing deep non-recurrent networks on the challenge dataset by 4\% on average; outperforming some of the previous reported results by up to 9\%. Our results show that the framework can be applied to homogeneous sensor modalities, but can also fuse multimodal sensors to improve performance. We characterise key architectural hyperparameters’ influence on performance to provide insights about their optimisation.},
DOI = {10.3390/s16010115}
}

@inproceedings{pinheiro2014recurrent,
  title={Recurrent convolutional neural networks for scene labeling},
  author={Pinheiro, Pedro and Collobert, Ronan},
  booktitle={International Conference on Machine Learning},
  pages={82--90},
  year={2014}
}

@inproceedings{huang2016deep,
  title={Deep networks with stochastic depth},
  author={Huang, Gao and Sun, Yu and Liu, Zhuang and Sedra, Daniel and Weinberger, Kilian Q},
  booktitle={European Conference on Computer Vision},
  pages={646--661},
  year={2016},
  organization={Springer}
}

@techreport{jordan1986serial,
  title={Serial Order: A Parallel Distributed Processing Approach.},
  author={Jordan, Michael I},
  year={1986},
  institution={CALIFORNIA UNIV SAN DIEGO LA JOLLA INST FOR COGNITIVE SCIENCE}
}

@Article{Stramandinoli2017,
author="Stramandinoli, Francesca
and Marocco, Davide
and Cangelosi, Angelo",
title="Making sense of words: a robotic model for language abstraction",
journal="Autonomous Robots",
year="2017",
month="Feb",
day="01",
volume="41",
number="2",
pages="367--383",
abstract="Building robots capable of acting independently in unstructured environments is still a challenging task for roboticists. The capability to comprehend and produce language in a `human-like' manner represents a powerful tool for the autonomous interaction of robots with human beings, for better understanding situations and exchanging information during the execution of tasks that require cooperation. In this work, we present a robotic model for grounding abstract action words (i.e. USE, MAKE) through the hierarchical organization of terms directly linked to perceptual and motor skills of a humanoid robot. Experimental results have shown that the robot, in response to linguistic commands, is capable of performing the appropriate behaviors on objects. Results obtained in case of inconsistency between the perceptual and linguistic inputs have shown that the robot executes the actions elicited by the seen object.",
issn="1573-7527",
doi="10.1007/s10514-016-9587-8",
url="https://doi.org/10.1007/s10514-016-9587-8"
}

@inproceedings{bailly1990,
author="Bailly, Gerard and Jordan, Michael and Mantakas, Marios and Schwartz, Jean‐Luc and Bach, Morten and Olsen, Motten",
title="Simulation of vocalic gestures using an articulatory model driven by a sequential neural network",
journal="Journal of the Acoustical Society of America",
year="1990",
doi="10.1121/1.2027801",
url="http://dx.doi.org/10.1121/1.2027801",
}

@book{konidaris2011autonomous,
  title="Autonomous robot skill acquisition",
  author="Konidaris, George Dimitri",
  year="2011"
}

@inproceedings{taylor2008transferring,
  title={Transferring instances for model-based reinforcement learning},
  author={Taylor, Matthew E and Jong, Nicholas K and Stone, Peter},
  booktitle={Joint European Conference on Machine Learning and Knowledge Discovery in Databases},
  pages={488--505},
  year={2008},
  organization={Springer}
}
@article{bishop1994mixture,
  title={Mixture density networks},
  author={Bishop, Christopher M},
  year={1994},
  publisher={Aston University},
  journal={Technical Report. Aston University, Birmingham}
}

@book{Murphy:2012:MLP:2380985,
 author = {Murphy, Kevin P.},
 title = {Machine Learning: A Probabilistic Perspective},
 year = {2012},
 isbn = {0262018020, 9780262018029},
 publisher = {The MIT Press},
}

@book{Goodfellow-et-al-2016,
    title={Deep Learning},
    author={Ian Goodfellow and Yoshua Bengio and Aaron Courville},
    publisher={MIT Press},
    note={\url{http://www.deeplearningbook.org}},
    year={2016}
}

@article{oord2016wavenet,
  title={Wavenet: A generative model for raw audio},
  author={Oord, Aaron van den and Dieleman, Sander and Zen, Heiga and Simonyan, Karen and Vinyals, Oriol and Graves, Alex and Kalchbrenner, Nal and Senior, Andrew and Kavukcuoglu, Koray},
  journal={arXiv preprint arXiv:1609.03499},
  year={2016}
}

@inproceedings{he2016deep,
  title={Deep residual learning for image recognition},
  author={He, Kaiming and Zhang, Xiangyu and Ren, Shaoqing and Sun, Jian},
  booktitle={Proceedings of the IEEE conference on computer vision and pattern recognition},
  pages={770--778},
  year={2016}
}

@article{kingma2014adam,
  title={Adam: A method for stochastic optimization},
  author={Kingma, Diederik P and Ba, Jimmy},
  journal={arXiv preprint arXiv:1412.6980},
  year={2014}
}

@article{srivastava2014dropout,
  title={Dropout: a simple way to prevent neural networks from overfitting},
  author={Srivastava, Nitish and Hinton, Geoffrey and Krizhevsky, Alex and Sutskever, Ilya and Salakhutdinov, Ruslan},
  journal={The Journal of Machine Learning Research},
  volume={15},
  number={1},
  pages={1929--1958},
  year={2014},
  publisher={JMLR. org}
}

@inproceedings{sutskever2014sequence,
  title={Sequence to sequence learning with neural networks},
  author={Sutskever, Ilya and Vinyals, Oriol and Le, Quoc V},
  booktitle={Advances in neural information processing systems},
  pages={3104--3112},
  year={2014}
}

@article{silver2016mastering,
  title={Mastering the game of Go with deep neural networks and tree search},
  author={Silver, David and Huang, Aja and Maddison, Chris J and Guez, Arthur and Sifre, Laurent and Van Den Driessche, George and Schrittwieser, Julian and Antonoglou, Ioannis and Panneershelvam, Veda and Lanctot, Marc and others},
  journal={nature},
  volume={529},
  number={7587},
  pages={484},
  year={2016},
  publisher={Nature Publishing Group}
}

@incollection{torrey2010transfer,
  title={Transfer learning},
  author={Torrey, Lisa and Shavlik, Jude},
  booktitle={Handbook of Research on Machine Learning Applications and Trends: Algorithms, Methods, and Techniques},
  pages={242--264},
  year={2010},
  publisher={IGI Global}
}

@inproceedings{zen2014deep,
  title={Deep mixture density networks for acoustic modeling in statistical parametric speech synthesis},
  author={Zen, Heiga and Senior, Andrew},
  booktitle={2014 IEEE international conference on acoustics, speech and signal processing (ICASSP)},
  pages={3844--3848},
  year={2014},
  organization={IEEE}
}

@inproceedings{wang2016gating,
  title={Gating recurrent mixture density networks for acoustic modeling in statistical parametric speech synthesis},
  author={Wang, Wenfu and Xu, Shuang and Xu, Bo},
  booktitle={2016 IEEE International Conference on Acoustics, Speech and Signal Processing (ICASSP)},
  pages={5520--5524},
  year={2016},
  organization={IEEE}
}

@article{Wang2017AnAR,
  title={An autoregressive recurrent mixture density network for parametric speech synthesis},
  author={Xin Wang and Shinji Takaki and Junichi Yamagishi},
  journal={2017 IEEE International Conference on Acoustics, Speech and Signal Processing (ICASSP)},
  year={2017},
  pages={4895-4899}
}

@article{shimodaira2000improving,
  title={Improving predictive inference under covariate shift by weighting the log-likelihood function},
  author={Shimodaira, Hidetoshi},
  journal={Journal of statistical planning and inference},
  volume={90},
  number={2},
  pages={227--244},
  year={2000},
  publisher={Elsevier}
}

@article{weiss2016survey,
  title={A survey of transfer learning},
  author={Weiss, Karl and Khoshgoftaar, Taghi M and Wang, DingDing},
  journal={Journal of Big Data},
  volume={3},
  number={1},
  pages={9},
  year={2016},
  publisher={SpringerOpen}
}


@article{hinton2015distilling,
  title={Distilling the knowledge in a neural network},
  author={Hinton, Geoffrey and Vinyals, Oriol and Dean, Jeff},
  journal={arXiv preprint arXiv:1503.02531},
  year={2015}
}

@article{lecun-mnisthandwrittendigit-2010,
  added-at = {2010-06-28T21:16:30.000+0200},
  author = {LeCun, Yann and Cortes, Corinna},
  biburl = {https://www.bibsonomy.org/bibtex/2935bad99fa1f65e03c25b315aa3c1032/mhwombat},
  groups = {public},
  howpublished = {http://yann.lecun.com/exdb/mnist/},
  interhash = {21b9d0558bd66279df9452562df6e6f3},
  intrahash = {935bad99fa1f65e03c25b315aa3c1032},
  keywords = {MSc _checked character_recognition mnist network neural},
  lastchecked = {2016-01-14 14:24:11},
  timestamp = {2016-07-12T19:25:30.000+0200},
  title = {{MNIST} handwritten digit database},
  url = {http://yann.lecun.com/exdb/mnist/},
  username = {mhwombat},
  year = 2010
}

@online{quickdraw,
  author = {Google},
  title = {The Quick, Draw! Dataset},
  year = 2017,
  url = {https://github.com/googlecreativelab/quickdraw-dataset#the-raw-moderated-dataset}
}

@article{ha2015mdntf,
  title   = "Mixture Density Networks with TensorFlow",
  author  = "Ha, David",
  journal = "blog.otoro.net",
  year    = "2015",
  url     = "http://blog.otoro.net/2015/11/24/mixture-density-networks-with-tensorflow/"
}

@online{quickdrawgame,
  author = {Jonas Jongejan, Henry Rowley, Takashi Kawashima, Jongmin Kim, Nick Fox-Gieg, with friends at Google Creative Lab and Data Arts Team},
  title = {The Quick, Draw! Game},
  year = 2017,
  url = {https://quickdraw.withgoogle.com/}
}

@incollection{seraphin2019analyzing,
  title={Analyzing Variability in Upper-Case Letter Production in Adults},
  author={S{\'e}raphin-Thibon, Laurence and Gerber, Silvain and Kandel, Sonia},
  booktitle={Spelling and Writing Words},
  pages={163--178},
  year={2019},
  publisher={BRILL}
}

@INPROCEEDINGS{791823,
author={C. Viard-Gaudin and P. M. Lallican and S. Knerr and P. Binter},
booktitle={Document Analysis and Recognition, 1999. ICDAR '99. Proceedings of the Fifth International Conference on},
title={The IRESTE On/Off (IRONOFF) dual handwriting database},
year={1999},
volume={},
number={},
pages={455-458},
keywords={document image processing;handwriting recognition;handwritten character recognition;optical character recognition;French writers;IRESTE On/Off dual handwriting database;IRONOFF dual handwriting database;character recognition algorithms;cursive words;digital images;digits;dual on/off database;hidden Markov models;isolated characters;neural networks;offline data;offline pixel;online data;online point;pen trajectory;scanned image;statistics based recognition methods;temporal indexing;writing signal;Character recognition;Data mining;Handwriting recognition;Image databases;Optical character recognition software;Performance evaluation;Silicon compounds;Statistics;Testing;Writing},
doi={10.1109/ICDAR.1999.791823},
ISSN={},
month={Sep},}

@inproceedings{marti1999full,
  title={A full English sentence database for off-line handwriting recognition},
  author={Marti, U-V and Bunke, Horst},
  booktitle={Document Analysis and Recognition, 1999. ICDAR'99. Proceedings of the Fifth International Conference on},
  pages={705--708},
  year={1999},
  organization={IEEE}
}
@article{ha2017neural,
  title={A neural representation of sketch drawings},
  author={Ha, David and Eck, Douglas},
  journal={arXiv preprint arXiv:1704.03477},
  year={2017}
}


@incollection{ulaw,
  title={A-Law and mu-Law Companding Implementations Using the TMS320C54x},
  author={Charles W. Brokish and Michele Lewis},
  booktitle={Application Note:SPRA163A},
  year={1997},
  publisher={SC Group Technical Marketing - TEXAS INSTRUMENTS}
}

@inproceedings{papineni2002bleu,
  title={BLEU: a method for automatic evaluation of machine translation},
  author={Papineni, Kishore and Roukos, Salim and Ward, Todd and Zhu, Wei-Jing},
  booktitle={Proceedings of the 40th annual meeting on association for computational linguistics},
  pages={311--318},
  year={2002},
  organization={Association for Computational Linguistics}
}

@inproceedings{Sutskever:2014:SSL:2969033.2969173,
 author = {Sutskever, Ilya and Vinyals, Oriol and Le, Quoc V.},
 title = {Sequence to Sequence Learning with Neural Networks},
 booktitle = {Proceedings of the 27th International Conference on Neural Information Processing Systems - Volume 2},
 series = {NIPS'14},
 year = {2014},
 location = {Montreal, Canada},
 pages = {3104--3112},
 numpages = {9},
 url = {http://dl.acm.org/citation.cfm?id=2969033.2969173},
 acmid = {2969173},
 publisher = {MIT Press},
 address = {Cambridge, MA, USA},
}

@inproceedings{vinyals2015show,
  title={Show and tell: A neural image caption generator},
  author={Vinyals, Oriol and Toshev, Alexander and Bengio, Samy and Erhan, Dumitru},
  booktitle={Computer Vision and Pattern Recognition (CVPR), 2015 IEEE Conference on},
  pages={3156--3164},
  year={2015},
  organization={IEEE}
}

@inproceedings{mohammed2018handwriting,
  title={Handwriting styles: benchmarks and evaluation metrics},
  author={Mohammed, Omar and Bailly, Gerard and Pellier, Damien},
  booktitle={2018 Fifth International Conference on Social Networks Analysis, Management and Security (SNAMS)},
  pages={159--166},
  year={2018},
  organization={IEEE}
}

@article{maaten2008visualizing,
  added-at = {2015-02-02T18:02:52.000+0100},
  author = {van der Maaten, L.J.P. and Hinton, G.E.},
  biburl = {https://www.bibsonomy.org/bibtex/2d721e0c952141718d2e8cf658ffe9a3f/prlz77},
  interhash = {d3658497eff9fea21e66bb43320a822a},
  intrahash = {d721e0c952141718d2e8cf658ffe9a3f},
  keywords = {data dimensional high tsne visualizing},
  timestamp = {2015-02-02T18:02:52.000+0100},
  title = {Visualizing High-Dimensional Data Using t-SNE},
  year = 2008
}

@inproceedings{lowe1999object,
  title={Object recognition from local scale-invariant features.},
  author={Lowe, David G and others},
  year={1999}
}

@article{narang2015speech,
  title={Speech feature extraction techniques: a review},
  author={Narang, Shreya and Gupta, Ms Divya},
  year={2015}
}

@book{chollet2017book,
    title={Deep Learning with Python},
    author={Chollet, Francois},
    publisher={Manning Publications},
    note={\url{https://www.manning.com/books/deep-learning-with-python}},
    year={2017}
}

@book{geron2017hands,
  title={Hands-on machine learning with Scikit-Learn and TensorFlow: concepts, tools, and techniques to build intelligent systems},
  author={G{\'e}ron, Aur{\'e}lien},
  year={2017},
  publisher={" O'Reilly Media, Inc."}
}

@incollection{jolliffe2011principal,
  title={Principal component analysis},
  author={Jolliffe, Ian},
  booktitle={International encyclopedia of statistical science},
  pages={1094--1096},
  year={2011},
  publisher={Springer}
}

@article{briot2017music,
  title={Music generation by deep learning-challenges and directions},
  author={Briot, Jean-Pierre and Pachet, Fran{\c{c}}ois},
  journal={arXiv preprint arXiv:1712.04371},
  year={2017}
}

@article{xu2015show,
  title={Show, attend and tell: Neural image caption generation with visual attention},
  author={Xu, Kelvin and Ba, Jimmy and Kiros, Ryan and Cho, Kyunghyun and Courville, Aaron and Salakhutdinov, Ruslan and Zemel, Richard and Bengio, Yoshua},
  journal={arXiv preprint arXiv:1502.03044},
  year={2015}
}

@incollection{NIPS2010_4089,
title = {Learning to combine foveal glimpses with a third-order Boltzmann machine},
author = {Larochelle, Hugo and Hinton, Geoffrey E},
booktitle = {Advances in Neural Information Processing Systems 23},
editor = {J. D. Lafferty and C. K. I. Williams and J. Shawe-Taylor and R. S. Zemel and A. Culotta},
pages = {1243--1251},
year = {2010},
publisher = {Curran Associates, Inc.},
url = {http://papers.nips.cc/paper/4089-learning-to-combine-foveal-glimpses-with-a-third-order-boltzmann-machine.pdf}
}

@article{denil2012learning,
  title={Learning where to attend with deep architectures for image tracking},
  author={Denil, Misha and Bazzani, Loris and Larochelle, Hugo and de Freitas, Nando},
  journal={Neural computation},
  volume={24},
  number={8},
  pages={2151--2184},
  year={2012},
  publisher={MIT Press}
}

@article{wang2017tacotron,
  title={Tacotron: Towards end-to-end speech synthesis},
  author={Wang, Yuxuan and Skerry-Ryan, RJ and Stanton, Daisy and Wu, Yonghui and Weiss, Ron J and Jaitly, Navdeep and Yang, Zongheng and Xiao, Ying and Chen, Zhifeng and Bengio, Samy and others},
  journal={arXiv preprint arXiv:1703.10135},
  year={2017}
}

@inproceedings{gehring2017convolutional,
  title={Convolutional sequence to sequence learning},
  author={Gehring, Jonas and Auli, Michael and Grangier, David and Yarats, Denis and Dauphin, Yann N},
  booktitle={Proceedings of the 34th International Conference on Machine Learning-Volume 70},
  pages={1243--1252},
  year={2017},
  organization={JMLR. org}
}

@online{howrnnworks,
  author = {Simeon Kostadinov},
  title = {How Recurrent Neural Networks work},
  year = 2017,
  url = {https://towardsdatascience.com/learn-how-recurrent-neural-networks-work-84e975feaaf7}
}

@online{gradientdescent,
  author = {Wikipedia},
  title = {Gradient descent},
  year = 2019,
  url = {https://en.wikipedia.org/wiki/Gradient_descent}
}

@online{convexfn,
  author = {Wikipedia},
  title = {Convex funcation},
  year = 2019,
  url = {https://en.wikipedia.org/wiki/Convex_function}
}

@unpublished{lecture_nn_optimization,
  Author = {De Sa, Christopher},
  Institution = {Cornell University},
  Howpublished = {University Lecture},
  Year = {2017},
  Title = {Non-Convex Optimization}
}

@article{robbins1951stochastic,
  title={A stochastic approximation method},
  author={Robbins, Herbert and Monro, Sutton},
  journal={The annals of mathematical statistics},
  pages={400--407},
  year={1951},
  publisher={JSTOR}
}

@article{rumelhart1988learning,
  title={Learning representations by back-propagating errors},
  author={Rumelhart, David E and Hinton, Geoffrey E and Williams, Ronald J and others},
  journal={Cognitive modeling},
  volume={5},
  number={3},
  pages={1},
  year={1988}
}

@article{hinton2012neural,
  title={Neural networks for machine learning lecture 6a overview of mini-batch gradient descent},
  author={Hinton, Geoffrey and Srivastava, Nitish and Swersky, Kevin},
  year={2012}
}

@article{wagstaff2012machine,
  title={Machine learning that matters},
  author={Wagstaff, Kiri},
  journal={arXiv preprint arXiv:1206.4656},
  year={2012}
}

@inproceedings{goodfellow2014generative,
  title={Generative adversarial nets},
  author={Goodfellow, Ian and Pouget-Abadie, Jean and Mirza, Mehdi and Xu, Bing and Warde-Farley, David and Ozair, Sherjil and Courville, Aaron and Bengio, Yoshua},
  booktitle={Advances in neural information processing systems},
  pages={2672--2680},
  year={2014}
}

@article{oord2016pixel,
  title={Pixel recurrent neural networks},
  author={Oord, Aaron van den and Kalchbrenner, Nal and Kavukcuoglu, Koray},
  journal={arXiv preprint arXiv:1601.06759},
  year={2016}
}

@article{freeman1961encoding,
  title={On the encoding of arbitrary geometric configurations},
  author={Freeman, Herbert},
  journal={IRE Transactions on Electronic Computers},
  volume={2},
  pages={260--268},
  year={1961},
  publisher={IEEE}
}

@article{pan2009survey,
  title={A survey on transfer learning},
  author={Pan, Sinno Jialin and Yang, Qiang},
  journal={IEEE Transactions on knowledge and data engineering},
  volume={22},
  number={10},
  pages={1345--1359},
  year={2009},
  publisher={IEEE}
}

@article{dtl2018survey,
  title={A Survey on Deep Transfer Learning},
  author={Chuanqi Tan and Fuchun Sun and Tao Kong and Wenchang Zhang and Chao Yang and Chunfang Liu},
  journal={ArXiv},
  year={2018},
  volume={abs/1808.01974}
}

@book{sutton2018reinforcement,
  title={Reinforcement learning: An introduction},
  author={Sutton, Richard S and Barto, Andrew G},
  year={2018}
}

@article{Konidaris:2012:TRL:2188385.2343689,
 author = {Konidaris, George and Scheidwasser, Ilya and Barto, Andrew G.},
 title = {Transfer in Reinforcement Learning via Shared Features},
 journal = {J. Mach. Learn. Res.},
 issue_date = {3/1/2012},
 volume = {13},
 month = may,
 year = {2012},
 issn = {1532-4435},
 pages = {1333--1371},
 numpages = {39},
 url = {http://dl.acm.org/citation.cfm?id=2188385.2343689},
 acmid = {2343689},
 publisher = {JMLR.org},
 keywords = {reinforcement learning, shaping, skills, transfer},
}

@article{konidaris2012robot,
  title={Robot learning from demonstration by constructing skill trees},
  author={Konidaris, George and Kuindersma, Scott and Grupen, Roderic and Barto, Andrew},
  journal={The International Journal of Robotics Research},
  volume={31},
  number={3},
  pages={360--375},
  year={2012},
  publisher={SAGE Publications Sage UK: London, England}
}

@inproceedings{malfante2018use,
  title={Use of deep features for the automatic classification of fish sounds},
  author={Malfante, Marielle and Mohammed, Omar and Gervaise, Cedric and Dalla Mura, Mauro and Mars, J{\'e}r{\^o}me I},
  booktitle={2018 OCEANS-MTS/IEEE Kobe Techno-Oceans (OTO)},
  pages={1--5},
  year={2018},
  organization={IEEE}
}

@book{malfante2018automatic,
  title={Automatic classification of natural signals for environmental monitoring},
  author={Malfante, Marielle},
  year={2018}
}

@inproceedings{long2013transfer,
  title={Transfer feature learning with joint distribution adaptation},
  author={Long, Mingsheng and Wang, Jianmin and Ding, Guiguang and Sun, Jiaguang and Yu, Philip S},
  booktitle={Proceedings of the IEEE international conference on computer vision},
  pages={2200--2207},
  year={2013}
}

@article{pan2010domain,
  title={Domain adaptation via transfer component analysis},
  author={Pan, Sinno Jialin and Tsang, Ivor W and Kwok, James T and Yang, Qiang},
  journal={IEEE Transactions on Neural Networks},
  volume={22},
  number={2},
  pages={199--210},
  year={2010},
  publisher={IEEE}
}

@inproceedings{pan2010cross,
  title={Cross-domain sentiment classification via spectral feature alignment},
  author={Pan, Sinno Jialin and Ni, Xiaochuan and Sun, Jian-Tao and Yang, Qiang and Chen, Zheng},
  booktitle={Proceedings of the 19th international conference on World wide web},
  pages={751--760},
  year={2010},
  organization={ACM}
}

@inproceedings{vincent2008extracting,
  title={Extracting and composing robust features with denoising autoencoders},
  author={Vincent, Pascal and Larochelle, Hugo and Bengio, Yoshua and Manzagol, Pierre-Antoine},
  booktitle={Proceedings of the 25th international conference on Machine learning},
  pages={1096--1103},
  year={2008},
  organization={ACM}
}
@inproceedings{blitzer2006domain,
  title={Domain adaptation with structural correspondence learning},
  author={Blitzer, John and McDonald, Ryan and Pereira, Fernando},
  booktitle={Proceedings of the 2006 conference on empirical methods in natural language processing},
  pages={120--128},
  year={2006},
  organization={Association for Computational Linguistics}
}

@inproceedings{li2008multi,
  title={Multi-domain adaptation for sentiment classification: Using multiple classifier combining methods},
  author={Li, Shoushan and Zong, Chengqing},
  booktitle={2008 International Conference on Natural Language Processing and Knowledge Engineering},
  pages={1--8},
  year={2008},
  organization={IEEE}
}

@article{malfante2016automatic,
  title={Automatic fish sounds classification},
  author={Malfante, Marielle and Dalla Mura, Mauro and Mars, Jerome I and Gervaise, Cedric},
  journal={The Journal of the Acoustical Society of America},
  volume={139},
  number={4},
  pages={2115--2116},
  year={2016},
  publisher={ASA}
}

@article{malfante2018machine,
  title={Machine learning for volcano-seismic signals: Challenges and perspectives},
  author={Malfante, Marielle and Dalla Mura, Mauro and M{\'e}taxian, Jean-Philippe and Mars, Jerome I and Macedo, Orlando and Inza, Adolfo},
  journal={IEEE Signal Processing Magazine},
  volume={35},
  number={2},
  pages={20--30},
  year={2018},
  publisher={IEEE}
}

@inproceedings{goodfellow2014generative,
  title={Generative adversarial nets},
  author={Goodfellow, Ian and Pouget-Abadie, Jean and Mirza, Mehdi and Xu, Bing and Warde-Farley, David and Ozair, Sherjil and Courville, Aaron and Bengio, Yoshua},
  booktitle={Advances in neural information processing systems},
  pages={2672--2680},
  year={2014}
}

@inproceedings{xu2014cross,
  title={Cross-language transfer learning for deep neural network based speech enhancement},
  author={Xu, Yong and Du, Jun and Dai, Li-Rong and Lee, Chin-Hui},
  booktitle={The 9th International Symposium on Chinese Spoken Language Processing},
  pages={336--340},
  year={2014},
  organization={IEEE}
}

@inproceedings{oquab2014learning,
  title={Learning and transferring mid-level image representations using convolutional neural networks},
  author={Oquab, Maxime and Bottou, Leon and Laptev, Ivan and Sivic, Josef},
  booktitle={Proceedings of the IEEE conference on computer vision and pattern recognition},
  pages={1717--1724},
  year={2014}
}

@article{everingham2010pascal,
  title={The pascal visual object classes (voc) challenge},
  author={Everingham, Mark and Van Gool, Luc and Williams, Christopher KI and Winn, John and Zisserman, Andrew},
  journal={International journal of computer vision},
  volume={88},
  number={2},
  pages={303--338},
  year={2010},
  publisher={Springer}
}

@inproceedings{rosenstein2005transfer,
  title={To transfer or not to transfer},
  author={Rosenstein, Michael T}
}

@article{wang2018style,
  title={Style tokens: Unsupervised style modeling, control and transfer in end-to-end speech synthesis},
  author={Wang, Yuxuan and Stanton, Daisy and Zhang, Yu and Skerry-Ryan, RJ and Battenberg, Eric and Shor, Joel and Xiao, Ying and Ren, Fei and Jia, Ye and Saurous, Rif A},
  journal={arXiv preprint arXiv:1803.09017},
  year={2018}
}

@article{wang2017tacotron,
  title={Tacotron: Towards end-to-end speech synthesis},
  author={Wang, Yuxuan and Skerry-Ryan, RJ and Stanton, Daisy and Wu, Yonghui and Weiss, Ron J and Jaitly, Navdeep and Yang, Zongheng and Xiao, Ying and Chen, Zhifeng and Bengio, Samy and others},
  journal={arXiv preprint arXiv:1703.10135},
  year={2017}
}

@article{8686063,
author={S. {Lathuiliére} and P. {Mesejo} and X. {Alameda-Pineda} and R. {Horaud}},
journal={IEEE Transactions on Pattern Analysis and Machine Intelligence},
title={A Comprehensive Analysis of Deep Regression},
year={2019},
volume={},
number={},
pages={1-1},
keywords={Deep Learning;Regression;Computer Vision;Convolutional Neural Networks;Statistical Significance;Empirical and Systematic Evaluation;Head-Pose Estimation;Full-Body Pose Estimation;Facial Landmark Detection},
doi={10.1109/TPAMI.2019.2910523},
ISSN={0162-8828},
month={},}

@article{krippendorff2011computing,
  title={Computing Krippendorff's alpha-reliability},
  author={Krippendorff, Klaus},
  year={2011}
}

@inproceedings{tachibana2004hmm,
  title={HMM-based speech synthesis with various speaking styles using model interpolation},
  author={Tachibana, Makoto and Yamagishi, Junichi and Onishi, Koji and Masuko, Takashi and Kobayashi, Takao},
  booktitle={Speech Prosody 2004, International Conference},
  year={2004}
}

@book{taylor2009text,
  title={Text-to-speech synthesis},
  author={Taylor, Paul},
  year={2009},
  publisher={Cambridge university press}
}

@article{martinez2017driving,
  title={Driving style recognition for intelligent vehicle control and advanced driver assistance: A survey},
  author={Martinez, Clara Marina and Heucke, Mira and Wang, Fei-Yue and Gao, Bo and Cao, Dongpu},
  journal={IEEE Transactions on Intelligent Transportation Systems},
  volume={19},
  number={3},
  pages={666--676},
  year={2017},
  publisher={IEEE}
}

@techreport{neubauer2013accounting,
  title={Accounting for the variation of driver aggression in the simulation of conventional and advanced vehicles},
  author={Neubauer, Jeremy and Wood, Eric},
  year={2013},
  institution={National Renewable Energy Lab.(NREL), Golden, CO (United States)}
}

@inproceedings{manzoni2010driving,
  title={Driving style estimation via inertial measurements},
  author={Manzoni, Vincenzo and Corti, Andrea and De Luca, Pietro and Savaresi, Sergio M},
  booktitle={13th International IEEE Conference on Intelligent Transportation Systems},
  pages={777--782},
  year={2010},
  organization={IEEE}
}

@inproceedings{dorr2014online,
  title={Online driving style recognition using fuzzy logic},
  author={D{\"o}rr, Dominik and Grabengiesser, David and Gauterin, Frank},
  booktitle={17th International IEEE Conference on Intelligent Transportation Systems (ITSC)},
  pages={1021--1026},
  year={2014},
  organization={IEEE}
}

@article{xu2015establishing,
  title={Establishing style-oriented driver models by imitating human driving behaviors},
  author={Xu, Li and Hu, Jie and Jiang, Hong and Meng, Wuqiang},
  journal={IEEE Transactions on Intelligent Transportation Systems},
  volume={16},
  number={5},
  pages={2522--2530},
  year={2015},
  publisher={IEEE}
}

@inproceedings{johnson2011driving,
  title={Driving style recognition using a smartphone as a sensor platform},
  author={Johnson, Derick A and Trivedi, Mohan M},
  booktitle={2011 14th International IEEE Conference on Intelligent Transportation Systems (ITSC)},
  pages={1609--1615},
  year={2011},
  organization={IEEE}
}

@article{gallaher1992individual,
  title={Individual differences in nonverbal behavior: Dimensions of style.},
  author={Gallaher, Peggy E},
  journal={Journal of personality and social psychology},
  volume={63},
  number={1},
  pages={133},
  year={1992},
  publisher={American Psychological Association}
}

@phdthesis{benkaouarjohal:tel-01679314,
  TITLE = {{Companion Robots Behaving with Style : Towards Plasticity in Social Human-Robot Interaction}},
  AUTHOR = {Benkaouar johal, Wafa},
  URL = {https://tel.archives-ouvertes.fr/tel-01679314},
  NUMBER = {2015GREAM082},
  SCHOOL = {{Universit{\'e} Grenoble Alpes}},
  YEAR = {2015},
  MONTH = Oct,
  KEYWORDS = {Human-Machine Interaction ; Plasticity ; Companion Robot ; Style ; Social Human-Robot Interaction ; Children ; Homme-Machine Interaction ; Plasticit{\'e} ; Robot Compagnon ; Interaction Homme-Robot ; Enfant},
  TYPE = {Theses},
  PDF = {https://tel.archives-ouvertes.fr/tel-01679314/file/BENKAOUAR_2015_archivage.pdf},
  HAL_ID = {tel-01679314},
  HAL_VERSION = {v1},
}

@inproceedings{churamani2017impact,
  title={The impact of personalisation on human-robot interaction in learning scenarios},
  author={Churamani, Nikhil and Anton, Paul and Br{\"u}gger, Marc and Flie{\ss}wasser, Erik and Hummel, Thomas and Mayer, Julius and Mustafa, Waleed and Ng, Hwei Geok and Nguyen, Thi Linh Chi and Nguyen, Quan and others},
  booktitle={Proceedings of the 5th International Conference on Human Agent Interaction},
  pages={171--180},
  year={2017},
  organization={ACM}
}

@article{kashi2018smooth,
  title={Smooth leader or sharp follower? Playing the mirror game with a robot},
  author={Kashi, Shir and Levy-Tzedek, Shelly},
  journal={Restorative neurology and neuroscience},
  volume={36},
  number={2},
  pages={147--159},
  year={2018},
  publisher={IOS Press}
}

@incollection{bailly:hal-01939223,
  TITLE = {{Gaze and face-to-face interaction}},
  AUTHOR = {Bailly, G{\'e}rard and Mihoub, Alaeddine and Wolf, Christian and Elisei, Fr{\'e}d{\'e}ric},
  URL = {https://hal.archives-ouvertes.fr/hal-01939223},
  BOOKTITLE = {{Eye-tracking in Interaction. Studies on the role of eye gaze indialogue}},
  EDITOR = {Geert Br{\^o}ne \& Bert Oben},
  PUBLISHER = {{Benjamins}},
  PAGES = {139 - 168},
  YEAR = {2018},
  DOI = {10.1075/ais.10.07bai},
  PDF = {https://hal.archives-ouvertes.fr/hal-01939223/file/gb_InteractionStudies2015_v8.pdf},
  HAL_ID = {hal-01939223},
  HAL_VERSION = {v1},
}

@article{nguyen:hal-01609535,
  TITLE = {{Pattern Recognition Letters Learning Off-line vs. On-line Models of Interactive Multimodal Behaviors with Recurrent Neural Networks}},
  AUTHOR = {Nguyen, Duc Canh and Bailly, G{\'e}rard and Elisei, Fr{\'e}d{\'e}ric},
  URL = {https://hal.archives-ouvertes.fr/hal-01609535},
  JOURNAL = {{Pattern Recognition Letters}},
  PUBLISHER = {{Elsevier}},
  VOLUME = {100},
  PAGES = {29-36},
  YEAR = {2017},
  MONTH = Dec,
  DOI = {10.1016/j.patrec.2017.09.033},
  KEYWORDS = {Bi-directional LSTM ; LSTM ; multi-task RNN ; multimodal behavior ; Face-to-face interaction ; co-verbal behavior ; behavioral models},
  PDF = {https://hal.archives-ouvertes.fr/hal-01609535/file/dan_PRL2017_R2_v2.pdf},
  HAL_ID = {hal-01609535},
  HAL_VERSION = {v1},
}

@article{mihoub2016graphical,
  title={Graphical models for social behavior modeling in face-to face interaction},
  author={Mihoub, Alaeddine and Bailly, G{\'e}rard and Wolf, Christian and Elisei, Fr{\'e}d{\'e}ric},
  journal={Pattern Recognition Letters},
  volume={74},
  pages={82--89},
  year={2016},
  publisher={Elsevier}
}
